murilo@DESKTOP-41VR738.33572:1553088986