@misc{irish,
    author = {I. Cobane},
    title = {Explosive Spalling of Low Cement Castable Refractories - A Dryout Service Company's
Experiences, Observations and Recommendations.},
    url={http://www.hotwork.com/wp-content/uploads/2015/12/Technical_Paper_IRE.pdf},
    urlaccessdate={17 de Mar√ßo de 2019},
    year = {2015}
}

@InProcedings{rhi,
author = {Wenzl, Christine and Spanring, Alfred},
year = {2015},
month = {06},
pages = {},
booktitle = {Proceedings of The Fourteenth International Ferroalloys Congress 2015},
organization={INFACON XIV},
title = {RHI Refractory Solutions - a Reliable Partner for the Ferroalloys Industry}
}

@book{langtangen2017,
    author    = "H. P. Langtangen, K. A. Mardal",
    title     = "Introduction to Numerical Methods for Variational Problems",
    publisher = "Springer",
    year      = "2018",
    edition   = "first"
}

@book{Zauderer2006,
author = {Zauderer, Erich.},
isbn = {9780471690733},
pages = {930},
publisher = {Wiley-Interscience},
title = {Partial differential equations of applied mathematics},
year = {2006}
}

@misc{GlobalRef2017,
title = {Global Refractories: Facing the next production revolution - Asociacion Nacional de Fabricantes de Productos Refractarios, Materiales y Servicios Afines},
url = {http://www.anfre.com/global-refractories-facing-the-next-production-revolution/},
urldate = {2018-12-19}
}

